%% This BibTeX bibliography file was created using BibDesk.
%% http://bibdesk.sourceforge.net/


%% Created for Anthony Roberts at 2016-09-16 14:28:17 +0930 


%% Saved with string encoding Unicode (UTF-8) 



@book{Smith:2012qr,
	Author = {Smith, J.~M. and Jones, A.~B.},
	Date-Modified = {2016-09-16 04:58:17 +0000},
	Doi = {10.wxyz/book2012},
	Edition = {7th},
	Publisher = {Publisher},
	Title = {Book Title},
	Year = {2012}}

@article{Smith:2013jd,
	Author = {Jones, A.~B. and Smith, J.~M.},
	Date-Modified = {2016-09-16 04:57:52 +0000},
	Doi = {10.wxyz/journalv13p123},
	Journal = {Journal title},
	Month = {March},
	Number = {52},
	Pages = {123--456},
	Publisher = {Publisher},
	Title = {Article Title},
	Volume = {13},
	Year = {2013}}
