@Article{albin1,
               author = "S. Albin",
               title = {{On Poisson Approximations for Superposition
		  Arrival Processes in Queues}},
               journal = "Management Science",
               volume = "28",
	       number = "2",
               pages = "126--137",
               year = "1982"
}

		  
@Article{albin2,
               author = "S. Albin",
               title = {{Approximating a Point Process by a Renewal
		  Process,{II} : Superposition Arrival Processes to Queues}},
               journal = "Operations Research",
               volume = "32",
	       number = "5",  
               pages = "1133--1162",
               year = "1984"
}
		  
	