%% This BibTeX bibliography file was created using BibDesk.
%% http://bibdesk.sourceforge.net/


%% Created for Sam Cohen at 2009-08-06 13:59:42 +0930 


%% Saved with string encoding Unicode (UTF-8) 



@article{Reference1,
	Author = {Bob the Builder},
	Date-Added = {2009-08-06 13:58:12 +0930},
	Date-Modified = {2009-08-06 13:59:29 +0930},
	Journal = {BBC },
	Title = {Can we fix it?},
	Year = {1999}}
